%
%  An example of a bibliographical database for bibTeX
%
%  Recommended software for maintenance of *.bib files:
%    JabRef, http://jabref.sourceforge.net/
%
%  BEWARE:
%
%    *  If a name contains a capital letter, which must be kept such,
%       use curly brackets ({T}hailand, {HIV}).
%
%  ===========================================================================

@BOOK{Generic,
  title = {Multiscale Thermo-Dynamics: Introduction to GENERIC},
  publisher = {De Gruyter},
  year = {2018},
  author = {V. Klika, M. Pavelka and M. Grmela}
}

@ARTICLE{Dubrovin-Novikov,
author = {Dubrovin, B. and NOVIKOV, S.},
year = {1989},
month = {12},
pages = {35-124},
title = {Hydrodynamics of weakly deformed soliton lattices. Differential geometry and Hamiltonian theory},
volume = {44},
journal = {Russian Mathematical Surveys - RUSS MATH SURVEY-ENGL TR},
doi = {10.1070/RM1989v044n06ABEH002300}
}

@article{Mochov,
author = {Mokhov, Oleg},
year = {2006},
month = {11},
pages = {},
title = {The classification of nonsingular multidimensional Dubrovin-Novikov brackets},
volume = {42},
journal = {Functional Analysis and Its Applications},
doi = {10.1007/s10688-008-0004-8}
}
