%
%  An example of a bibliographical database for bibTeX
%
%  Recommended software for maintenance of *.bib files:
%    JabRef, http://jabref.sourceforge.net/
%
%  BEWARE:
%
%    *  If a name contains a capital letter, which must be kept such,
%       use curly brackets ({T}hailand, {HIV}).
%
%  ===========================================================================

@BOOK{Generic,
  title = {Multiscale Thermo-Dynamics: Introduction to GENERIC},
  publisher = {De Gruyter},
  year = {2018},
  author = {V. Klika, M. Pavelka and M. Grmela}
}

@ARTICLE{Dubrovin-Novikov,
author = {Dubrovin, B. and NOVIKOV, S.},
year = {1989},
month = {12},
pages = {35-124},
title = {Hydrodynamics of weakly deformed soliton lattices. Differential geometry and Hamiltonian theory},
volume = {44},
journal = {Russian Mathematical Surveys - RUSS MATH SURVEY-ENGL TR},
doi = {10.1070/RM1989v044n06ABEH002300}
}

@ARTICLE{Mourre1981,
  title = {Absence of Singular Continuous Spectrum
for Certain Self-Adjoint Operators},
  author = {E. Mourre},
  journal = {Communications in Mathematical Physics},
  year = {1981}
}

@ARTICLE{Miranda2017,
  title = {Spectrum of the Iwatsuka Hamiltonian at thresholds},
  author = {Pablo Miranda and Nicolas Popoff},
  journal = {Journal of Mathematical Analysis and Applications},
  year = {2017}
}

@ARTICLE{Iwatsuka1983,
  author = {Akira Iwatsuka},
  title = {The essential spectrum of two-dimensional Schrödinger operators with perturbed constant magnetic fields},
  journal = {Journal of Mathematics Kyoto University},
  volume = {23},
  number = {3},
  year = {1983}
}

@ARTICLE{Iwatsuka1985,
  author = {Akira Iwatsuka},
  title = {Examples of Absolutely Continuous Schrödinger Operators in Magnetic Fields},
  journal = {Publications of RIMS, Kyoto University},
  volume = {21},
  year = {1985}
}

@ARTICLE{Hislop2015,
  author = {Peter D. Hislop and Eric Soccorsi},
  title = {Edge States Induced by Iwatsuka Hamiltonians With Positive Magnetic Fields},
  journal = {Journal of Mathematical Analysis and Applications},
  volume = {422},
  number = {1},
  pages = {594-624},
  year = {2015},
}

